<?xml version='1.0' encoding='UTF-8'?>
<record xmlns="http://www.loc.gov/MARC21/slim">
  <leader>01397cam a22002415a 4500</leader>
  <controlfield tag="001">1693773</controlfield>
  <controlfield tag="003">NjP</controlfield>
  <controlfield tag="005">20170301181001.0</controlfield>
  <controlfield tag="008">981229s1969    iq            000 0 ara d</controlfield>
  <datafield tag="024" ind1="7" ind2=" ">
    <subfield code="a">princeton_aco003216</subfield>
    <subfield code="2">local</subfield>
  </datafield>
  <datafield ind1=" " ind2=" " tag="035">
    <subfield code="a">(OCoLC)ocm40553901</subfield>
  </datafield>
  <datafield ind1=" " ind2=" " tag="035">
    <subfield code="9">CFL7520TS</subfield>
  </datafield>
  <datafield ind1=" " ind2=" " tag="040">
    <subfield code="a">CUD</subfield>
    <subfield code="c">CUD</subfield>
    <subfield code="d">OCL</subfield>
    <subfield code="d">PUL</subfield>
  </datafield>
  <datafield ind1="1" ind2=" " tag="100">
    <subfield code="a">Qushayrī, ʻAbd al-Karīm ibn Hawāzin,</subfield>
    <subfield code="d">986-1072.</subfield>
    <subfield code="0">http://id.loc.gov/authorities/names/nr89007559</subfield>
  </datafield>
  <datafield ind1="1" ind2="0" tag="245">
    <subfield code="a">ʾArbaʻ rasāʾil fī ʾal-taṣawwuf /</subfield>
    <subfield code="c">li-ʾAbī ʾal-Qāsim ʾal-Qus︠h︡ayrī ; [taḥqīq] Qāsim ʾal-Sāmarrāʾī.</subfield>
  </datafield>
  <datafield ind1=" " ind2=" " tag="260">
    <subfield code="a">Bag︠h︡dād :</subfield>
    <subfield code="b">ʾal-Majmaʻ ʾal-ʻIlmī ʾal-ʻIrāqī,</subfield>
    <subfield code="c">1969.</subfield>
  </datafield>
  <datafield ind1=" " ind2=" " tag="300">
    <subfield code="a">87 p. ;</subfield>
    <subfield code="c">25 cm.</subfield>
  </datafield>
  <datafield ind1=" " ind2="0" tag="440">
    <subfield code="a">Maṭbūʻāt al-Majmaʻ al-ʻIlmī al-ʻIrāqī</subfield>
  </datafield>
  <datafield ind1=" " ind2=" " tag="500">
    <subfield code="a">"Mustall min ʾal-mujalladayn ʾal-sābiʻ ʻas︠h︡ar wa-ʾal-t︠h︡āmin ʻas︠h︡ar min Majallat ʾal-Majmaʻ ʾal-ʻIlmī ʾal-ʻIrāqī".</subfield>
  </datafield>
  <datafield ind1="0" ind2=" " tag="505">
    <subfield code="a">Kitāb muk︠h︡taṣar fī ʾal-tawbah; Kitāb ʻibārāt ʾal-ṣūfīyah wa-maʻānīhā; Kitāb mant︠h︡ūr ʾal-k︠h︡iṭāb fī mas︠h︡hūr ʾal-ʾabwāb; ʾal-Qaṣīdah ʾal-Ṣūfīyah; Maṣādir ʾal-baḥt︠h︡.</subfield>
  </datafield>
  <datafield ind1=" " ind2="0" tag="650">
    <subfield code="a">Sufism</subfield>
    <subfield code="v">Early works to 1800.</subfield>
    <subfield code="0">http://id.loc.gov/authorities/subjects/sh2008112367</subfield>
  </datafield>
  <datafield ind1="1" ind2=" " tag="700">
    <subfield code="a">Sāmarrāʾī, Qāsim.</subfield>
  </datafield>
  <datafield ind1=" " ind2=" " tag="947">
    <subfield code="a">CFL7520</subfield>
  </datafield>
  <datafield ind1=" " ind2=" " tag="911">
    <subfield code="a">20000130</subfield>
  </datafield>
  <datafield ind1="0" ind2="0" tag="852">
    <subfield code="0">1951579</subfield>
    <subfield code="b">rcppa</subfield>
    <subfield code="t">0</subfield>
    <subfield code="h">BP189.26</subfield>
    <subfield code="i">.Q743 1969</subfield>
    <subfield code="x">tr fr nec</subfield>
  </datafield>
  <datafield ind1=" " ind2=" " tag="959">
    <subfield code="a">2000-06-13 00:00:00 -0400</subfield>
  </datafield>
</record>
